@ONLINE{SvyatDev:PDroid,
	title = {PDroid Privacy Protection},
	url = {https://play.google.com/store/apps/details?id=com.privacy.pdroid}
}

@ONLINE{mit:funf,
	title = {funf open sensing framework},
	url = {http://funf.media.mit.edu/}
}

@ONLINE{microsoft:onx,
	title = {On\{X\}},
	url = {https://www.onx.ms/}
}

@misc{pmp,
title = {Protect My Privacy},
howpublished = {\url{http://www.protectmyprivacy.org/}}
}

@inproceedings{Chu:CondOS,
 author = {Chu, David and Kansal, Aman and Liu, Jie and Zhao, Feng},
 title = {Mobile apps: it's time to move up to CondOS},
 booktitle = {Proceedings of the 13th USENIX conference on Hot topics in operating systems},
 series = {HotOS'13},
 year = {2011},
 location = {Napa, California},
 pages = {16--16},
 numpages = {1},
 url = {http://dl.acm.org/citation.cfm?id=1991596.1991618},
 acmid = {1991618},
 publisher = {USENIX Association},
 address = {Berkeley, CA, USA},
}

@inproceedings{Miluzzo:DarwinPhones,
 author = {Miluzzo, Emiliano and Cornelius, Cory T. and Ramaswamy, Ashwin and Choudhury, Tanzeem and Liu, Zhigang and Campbell, Andrew T.},
 title = {Darwin phones: the evolution of sensing and inference on mobile phones},
 booktitle = {Proceedings of the 8th international conference on Mobile systems, applications, and services},
 series = {MobiSys '10},
 year = {2010},
 isbn = {978-1-60558-985-5},
 location = {San Francisco, California, USA},
 pages = {5--20},
 numpages = {16},
 url = {http://doi.acm.org/10.1145/1814433.1814437},
 doi = {10.1145/1814433.1814437},
 acmid = {1814437},
 publisher = {ACM},
 address = {New York, NY, USA},
 keywords = {collaborative inference, distributed machine learning, mobile phones, mobile sensing systems},
}


@inproceedings{Enck:TaintDroid,
 author = {Enck, William and Gilbert, Peter and Chun, Byung-Gon and Cox, Landon P. and Jung, Jaeyeon and McDaniel, Patrick and Sheth, Anmol N.},
 title = {TaintDroid: an information-flow tracking system for realtime privacy monitoring on smartphones},
 booktitle = {Proceedings of the 9th USENIX conference on Operating systems design and implementation},
 series = {OSDI'10},
 year = {2010},
 location = {Vancouver, BC, Canada},
 pages = {1--6},
 numpages = {6},
 url = {http://dl.acm.org/citation.cfm?id=1924943.1924971},
 acmid = {1924971},
 publisher = {USENIX Association},
 address = {Berkeley, CA, USA},
}


@inproceedings{Beresford:MockDroid,
 author = {Beresford, Alastair R. and Rice, Andrew and Skehin, Nicholas and Sohan, Ripduman},
 title = {MockDroid: trading privacy for application functionality on smartphones},
 booktitle = {Proceedings of the 12th Workshop on Mobile Computing Systems and Applications},
 series = {HotMobile '11},
 year = {2011},
 isbn = {978-1-4503-0649-2},
 location = {Phoenix, Arizona},
 pages = {49--54},
 numpages = {6},
 url = {http://doi.acm.org/10.1145/2184489.2184500},
 doi = {10.1145/2184489.2184500},
 acmid = {2184500},
 publisher = {ACM},
 address = {New York, NY, USA},
 keywords = {Android, MockDroid, mobile, phone, privacy},
}

@inproceedings{Gotz:MaskIt,
 author = {G\"{o}tz, Michaela and Nath, Suman and Gehrke, Johannes},
 title = {MaskIt: privately releasing user context streams for personalized mobile applications},
 booktitle = {Proceedings of the 2012 ACM SIGMOD International Conference on Management of Data},
 series = {SIGMOD '12},
 year = {2012},
 isbn = {978-1-4503-1247-9},
 location = {Scottsdale, Arizona, USA},
 pages = {289--300},
 numpages = {12},
 url = {http://doi.acm.org/10.1145/2213836.2213870},
 doi = {10.1145/2213836.2213870},
 acmid = {2213870},
 publisher = {ACM},
 address = {New York, NY, USA},
 keywords = {data privacy, mobile applications},
}

@inproceedings{Kim:PlaceSens,
 author = {Kim, Donnie H. and Hightower, Jeffrey and Govindan, Ramesh and Estrin, Deborah},
 title = {Discovering semantically meaningful places from pervasive RF-beacons},
 booktitle = {Proceedings of the 11th international conference on Ubiquitous computing},
 series = {Ubicomp '09},
 year = {2009},
 isbn = {978-1-60558-431-7},
 location = {Orlando, Florida, USA},
 pages = {21--30},
 numpages = {10},
 url = {http://doi.acm.org/10.1145/1620545.1620549},
 doi = {10.1145/1620545.1620549},
 acmid = {1620549},
 publisher = {ACM},
 address = {New York, NY, USA},
 keywords = {beacon traces, location, place learning},
}

@article{Eagle:realitymining,
 author = {Eagle, Nathan and (Sandy) Pentland, Alex},
 title = {Reality mining: sensing complex social systems},
 journal = {Personal Ubiquitous Comput.},
 issue_date = {March 2006},
 volume = {10},
 number = {4},
 month = mar,
 year = {2006},
 issn = {1617-4909},
 pages = {255--268},
 numpages = {14},
 url = {http://dx.doi.org/10.1007/s00779-005-0046-3},
 doi = {10.1007/s00779-005-0046-3},
 acmid = {1122745},
 publisher = {Springer-Verlag},
 address = {London, UK, UK},
 keywords = {Bluetooth, Complex social systems, Mobile phones, User modeling, Wearable computing},
}

@inproceedings{Ananthanarayanan:BlueFi,
 author = {Ananthanarayanan, Ganesh and Stoica, Ion},
 title = {Blue-Fi: enhancing Wi-Fi performance using bluetooth signals},
 booktitle = {Proceedings of the 7th international conference on Mobile systems, applications, and services},
 series = {MobiSys '09},
 year = {2009},
 isbn = {978-1-60558-566-6},
 location = {Krak\&\#243;w, Poland},
 pages = {249--262},
 numpages = {14},
 url = {http://doi.acm.org/10.1145/1555816.1555842},
 doi = {10.1145/1555816.1555842},
 acmid = {1555842},
 publisher = {ACM},
 address = {New York, NY, USA},
 keywords = {bluetooth, context-awareness, energy-efficiency, location, mobile device, wi-fi},
}

@article{Raento:ContextPhones,
 author = {Raento, Mika and Oulasvirta, Antti and Petit, Renaud and Toivonen, Hannu},
 title = {ContextPhone: A Prototyping Platform for Context-Aware Mobile Applications},
 journal = {IEEE Pervasive Computing},
 issue_date = {April 2005},
 volume = {4},
 number = {2},
 month = apr,
 year = {2005},
 issn = {1536-1268},
 pages = {51--59},
 numpages = {9},
 url = {http://dx.doi.org/10.1109/MPRV.2005.29},
 doi = {10.1109/MPRV.2005.29},
 acmid = {1070628},
 publisher = {IEEE Educational Activities Department},
 address = {Piscataway, NJ, USA},
 keywords = {location-dependent, location-dependent, pervasive computing, mobile environments, ubiquitous computing, user-centered design, mobile environments, pervasive computing, ubiquitous computing, user-centered design},
}

@article{Gu:OSGIContext,
 author = {Gu, Tao and Pung, Hung Keng and Zhang, Da Qing},
 title = {Toward an OSGi-Based Infrastructure for Context-Aware Applications},
 journal = {IEEE Pervasive Computing},
 issue_date = {October 2004},
 volume = {3},
 number = {4},
 month = oct,
 year = {2004},
 issn = {1536-1268},
 pages = {66--74},
 numpages = {9},
 url = {http://dx.doi.org/10.1109/MPRV.2004.19},
 doi = {10.1109/MPRV.2004.19},
 acmid = {1038152},
 publisher = {IEEE Educational Activities Department},
 address = {Piscataway, NJ, USA},
 keywords = {Context Model, Context-aware Middleware, OSGi Service Platform},
}

@inproceedings{Ertin:AutoSense,
 author = {Ertin, Emre and Stohs, Nathan and Kumar, Santosh and Raij, Andrew and al'Absi, Mustafa and Shah, Siddharth},
 title = {AutoSense: unobtrusively wearable sensor suite for inferring the onset, causality, and consequences of stress in the field},
 booktitle = {Proceedings of the 9th ACM Conference on Embedded Networked Sensor Systems},
 series = {SenSys '11},
 year = {2011},
 pages = {274--287},
}

@inproceedings{plarre:psychological,
author={Plarre, K. and Raij, A. and Hossain, S.M. and Ali, A.A. and Nakajima, M. and Al'absi, M. and Ertin, E. and Kamarck, T. and Kumar, S. and Scott, M. and Siewiorek, D. and Smailagic, A.  and Wittmers, L.E.},
booktitle={IPSN},
title={Continuous inference of psychological stress from sensory measurements collected in the natural environment},
year={2011},
month={april},
pages={97 -108},
}
@article{rahman:mConverse,
title={mConverse : Inferring Conversation Episodes from Respiratory Measurements Collected in the Field Categories and Subject Descriptors},
journal={Wireless Health},
author={Rahman, Mahbubur and Ali, Amin Ahsan and Plarre, Kurt and Absi, Mustafa and Ertin, Emre and Kumar, Santosh},
year={2011}
}
@article{krumm:survey,
author = {Krumm, John},
title = {A survey of computational location privacy},
journal = {Personal Ubiquitous Comput.},
volume = {13},
number = {6},
year = {2009},
}
